<record><leader>00000cas a2200000 a 4500</leader><controlfield tag="001">22971662</controlfield><controlfield tag="008">910116c199u9999iluwr ne      0   a0eng c</controlfield><datafield ind1=" " ind2=" " tag="010"><subfield code="a">sn 91003339 </subfield></datafield><datafield ind1=" " ind2=" " tag="040"><subfield code="a">NSD</subfield><subfield code="b">eng</subfield><subfield code="c">NSD</subfield><subfield code="d">CVF</subfield><subfield code="d">OCLCQ</subfield><subfield code="d">OCLCF</subfield><subfield code="d">OCLCO</subfield><subfield code="d">NVF</subfield><subfield code="d">DLC</subfield></datafield><datafield ind1=" " ind2=" " tag="012"><subfield code="m">y</subfield></datafield><datafield ind1="1" ind2=" " tag="022"><subfield code="a">1054-7932</subfield><subfield code="l">1054-7932</subfield><subfield code="y">0885-7814</subfield><subfield code="2">1</subfield></datafield><datafield ind1=" " ind2=" " tag="032"><subfield code="a">793540</subfield><subfield code="b">USPS</subfield></datafield><datafield ind1=" " ind2=" " tag="042"><subfield code="a">nsdp</subfield><subfield code="a">pcc</subfield></datafield><datafield ind1=" " ind2=" " tag="043"><subfield code="a">n-us-il</subfield></datafield><datafield ind1=" " ind2="0" tag="222"><subfield code="a">Norridge Harwood Heights news</subfield></datafield><datafield ind1="0" ind2="0" tag="245"><subfield code="a">Norridge Harwood Heights news.</subfield></datafield><datafield ind1="1" ind2=" " tag="246"><subfield code="i">Some issues published as:</subfield><subfield code="a">Norridge and Harwood Heights news</subfield></datafield><datafield ind1=" " ind2=" " tag="260"><subfield code="a">Wilmette, Ill. :</subfield><subfield code="b">Pioneer Press</subfield></datafield><datafield ind1="3" ind2=" " tag="260"><subfield code="3">&lt;Jan. 4, 1996&gt;-</subfield><subfield code="a">Glenview, Ill. :</subfield><subfield code="b">Pioneer Press</subfield></datafield><datafield ind1=" " ind2=" " tag="300"><subfield code="a">v.</subfield></datafield><datafield ind1=" " ind2=" " tag="310"><subfield code="a">Weekly,</subfield><subfield code="b">&lt;Jan. 4, 1996&gt;-</subfield></datafield><datafield ind1=" " ind2=" " tag="321"><subfield code="a">Weekly (except semiweekly Mar., June, and Sept.),</subfield><subfield code="b">&lt;Jan. 3, 1991-Dec. 29, 1994&gt;</subfield></datafield><datafield ind1=" " ind2=" " tag="580"><subfield code="a">Formed by the union of: Norridge news and: Harwood Heights news.</subfield></datafield><datafield ind1=" " ind2=" " tag="588"><subfield code="a">Description based on: Vol. 6, no. 19 (Jan. 3, 1991).</subfield></datafield><datafield ind1=" " ind2="0" tag="651"><subfield code="a">Norridge (Ill.)</subfield><subfield code="v">Newspapers.</subfield></datafield><datafield ind1=" " ind2="0" tag="651"><subfield code="a">Harwood Heights (Ill.)</subfield><subfield code="v">Newspapers.</subfield></datafield><datafield ind1=" " ind2="7" tag="651"><subfield code="a">Illinois</subfield><subfield code="z">Harwood Heights.</subfield><subfield code="2">fast</subfield><subfield code="0">(OCoLC)fst01226537</subfield></datafield><datafield ind1=" " ind2="7" tag="651"><subfield code="a">Illinois</subfield><subfield code="z">Norridge.</subfield><subfield code="2">fast</subfield><subfield code="0">(OCoLC)fst01232876</subfield></datafield><datafield ind1=" " ind2="7" tag="655"><subfield code="a">Newspapers.</subfield><subfield code="2">fast</subfield><subfield code="0">(OCoLC)fst01423814</subfield></datafield><datafield ind1=" " ind2=" " tag="752"><subfield code="a">United States</subfield><subfield code="b">Illinois</subfield><subfield code="c">Cook</subfield><subfield code="d">Wilmette.</subfield></datafield><datafield ind1=" " ind2=" " tag="752"><subfield code="a">United States</subfield><subfield code="b">Illinois</subfield><subfield code="c">Cook</subfield><subfield code="d">Glenview.</subfield></datafield><datafield ind1="1" ind2="4" tag="780"><subfield code="t">Norridge news</subfield><subfield code="x">0885-7814</subfield><subfield code="w">(DLC)sn 85005330</subfield><subfield code="w">(OCoLC)12715694</subfield></datafield><datafield ind1="1" ind2="4" tag="780"><subfield code="t">Harwood Heights news</subfield><subfield code="w">(DLC)sn 88008127</subfield><subfield code="w">(OCoLC)18666269</subfield></datafield><datafield ind1="1" ind2=" " tag="029"><subfield code="a">AU@</subfield><subfield code="b">000020636284</subfield></datafield></record>